<record><leader>00000cas a22000007a 4500</leader><controlfield tag="001">16567987</controlfield><controlfield tag="008">870826d19281935msudn ne      0    0eng d</controlfield><datafield ind1=" " ind2=" " tag="010"><subfield code="a">sn 87065676 </subfield></datafield><datafield ind1=" " ind2=" " tag="040"><subfield code="a">MJA</subfield><subfield code="b">eng</subfield><subfield code="c">MJA</subfield><subfield code="d">MSJ</subfield><subfield code="d">MGN</subfield><subfield code="d">OCLCQ</subfield></datafield><datafield ind1=" " ind2=" " tag="042"><subfield code="a">msc</subfield></datafield><datafield ind1="0" ind2="0" tag="245"><subfield code="a">West Point times leader.</subfield></datafield><datafield ind1="1" ind2="7" tag="246"><subfield code="a">Daily times leader</subfield></datafield><datafield ind1=" " ind2=" " tag="260"><subfield code="a">West Point, Miss. :</subfield><subfield code="b">Edgar G. Harris and Beulah L. Harris</subfield></datafield><datafield ind1=" " ind2=" " tag="300"><subfield code="a">v.</subfield></datafield><datafield ind1=" " ind2=" " tag="310"><subfield code="a">Daily (except Sun.)</subfield></datafield><datafield ind1="1" ind2=" " tag="362"><subfield code="a">Began in 1928; ceased in 1935.</subfield></datafield><datafield ind1=" " ind2=" " tag="588"><subfield code="a">Description based on: Vol. 54, no. 220 (July 9, 1934).</subfield></datafield><datafield ind1=" " ind2=" " tag="752"><subfield code="a">United States</subfield><subfield code="b">Mississippi</subfield><subfield code="c">Clay</subfield><subfield code="d">West Point.</subfield></datafield><datafield ind1="0" ind2="4" tag="780"><subfield code="t">West Point leader</subfield><subfield code="w">(DLC)sn 87065505</subfield><subfield code="w">(OCoLC)16567917</subfield></datafield><datafield ind1="0" ind2="4" tag="780"><subfield code="t">Times-herald</subfield></datafield><datafield ind1="0" ind2="0" tag="785"><subfield code="t">Daily times-leader (West Point, Miss.)</subfield><subfield code="w">(DLC)sn 87065507</subfield><subfield code="w">(OCoLC)16568050</subfield></datafield></record>